<record><leader>00000cas a22000007a 4500</leader><controlfield tag="001">17533796</controlfield><controlfield tag="008">880224d19661968pauir ne      0    0eng d</controlfield><datafield ind1=" " ind2=" " tag="010"><subfield code="a">sn 88079143 </subfield></datafield><datafield ind1=" " ind2=" " tag="040"><subfield code="a">NPH</subfield><subfield code="b">eng</subfield><subfield code="c">NPH</subfield><subfield code="d">OCLCQ</subfield></datafield><datafield ind1=" " ind2=" " tag="042"><subfield code="a">msc</subfield></datafield><datafield ind1="0" ind2=" " tag="130"><subfield code="a">Tri-weekly transcript (Susquehanna, Pa.)</subfield></datafield><datafield ind1="1" ind2="4" tag="245"><subfield code="a">The tri-weekly transcript.</subfield></datafield><datafield ind1=" " ind2=" " tag="260"><subfield code="a">Susquehanna, Pa. :</subfield><subfield code="b">[s.n.],</subfield><subfield code="c">1966-1968.</subfield></datafield><datafield ind1=" " ind2=" " tag="300"><subfield code="a">v. :</subfield><subfield code="b">ill. ;</subfield><subfield code="c">56 cm.</subfield></datafield><datafield ind1=" " ind2=" " tag="310"><subfield code="a">Triweekly</subfield></datafield><datafield ind1="0" ind2=" " tag="362"><subfield code="a">Nov. 16, 1966-May 28, 1968.</subfield></datafield><datafield ind1=" " ind2=" " tag="500"><subfield code="a">Editor: Louis C. Parrillo.</subfield></datafield><datafield ind1=" " ind2=" " tag="752"><subfield code="a">United States</subfield><subfield code="b">Pennsylvania</subfield><subfield code="c">Susquehanna</subfield><subfield code="d">Susquehanna.</subfield></datafield><datafield ind1="0" ind2="0" tag="780"><subfield code="t">Transcript (Susquehanna, Pa.)</subfield><subfield code="w">(DLC)sn 88079144</subfield></datafield><datafield ind1="0" ind2="0" tag="785"><subfield code="t">Susquehanna tri-weekly transcript</subfield><subfield code="w">(DLC)sn 88079142</subfield></datafield><datafield ind1="1" ind2=" " tag="029"><subfield code="a">AU@</subfield><subfield code="b">000025787933</subfield></datafield></record>